%% This BibTeX bibliography file was created using BibDesk.
%% http://bibdesk.sourceforge.net/


%% Created for Charles Zahara at 2015-02-26 07:20:25 -0800 


%% Saved with string encoding Unicode (UTF-8) 



@webpage{Virus_Intro,
	Date-Added = {2015-02-23 00:59:40 +0000},
	Date-Modified = {2015-02-23 01:00:18 +0000},
	Url = {http://www.ucmp.berkeley.edu/alllife/virus.html}}

@article{CRICK:1956aa,
	Annote = {10.1038/177473a0},
	Author = {CRICK, F. H. C. and WATSON, J. D.},
	Date = {1956/03/10/print},
	Date-Added = {2015-02-23 00:29:45 +0000},
	Date-Modified = {2015-02-23 00:29:45 +0000},
	Day = {10},
	Journal = {Nature},
	M3 = {10.1038/177473a0},
	Month = {03},
	Number = {4506},
	Pages = {473--475},
	Title = {Structure of Small Viruses},
	Ty = {JOUR},
	Url = {http://dx.doi.org/10.1038/177473a0},
	Volume = {177},
	Year = {1956},
	Bdsk-Url-1 = {http://dx.doi.org/10.1038/177473a0}}
